@article{kutulakos2000theory,
  title={A theory of shape by space carving},
  author={Kutulakos, Kiriakos N and Seitz, Steven M},
  journal={International Journal of Computer Vision},
  volume={38},
  number={3},
  pages={199--218},
  year={2000},
  publisher={Springer}
}
@article{bialek2014packaging,
  title={Packaging optimization in supply chain},
  author={Bia{\l}ek, Joanna},
  journal={Logistyka},
  number={6},
  year={2014}
}
@inproceedings{morency2002fast,
  title={Fast 3d model acquisition from stereo images},
  author={Morency, Louis-Philippe and Rahimi, Ali and Darrell, Trevor},
  booktitle={3D Data Processing Visualization and Transmission, 2002. Proceedings. First International Symposium on},
  pages={172--176},
  year={2002},
  organization={IEEE}
}
@article{susheelkumar2011generating,
  title={Generating 3D model using 2D images of an Object},
  author={SusheelKumar, K and Semwal, Vijay Bhaskar and Prasad, Shitala and Tripathi, RC},
  journal={International Journal of Engineering Science and Technology (IJEST)},
  volume={3},
  number={1},
  pages={406--415},
  year={2011}
}
@book{soille2013morphological,
  title={Morphological image analysis: principles and applications},
  author={Soille, Pierre},
  year={2013},
  publisher={Springer Science \& Business Media}
}
@online{AdobeCIELAB,
  author = {{Adobe Systems Incorporated}},
  title = {Adobe Technical Guides},
  year = 2000,
  url = {http://dba.med.sc.edu/price/irf/Adobe_tg/models/cielab.html},
  urldate = {2016-06-06}
}
@article{shi2000normalized,
  title={Normalized cuts and image segmentation},
  author={Shi, Jianbo and Malik, Jitendra},
  journal={Pattern Analysis and Machine Intelligence, IEEE Transactions on},
  volume={22},
  number={8},
  pages={888--905},
  year={2000},
  publisher={IEEE}
}
@article{liureview,
  title={A Review of Computer Vision Segmentation Algorithms},
  author={Liu, Dingding and Soran, Bilge and Petrie, Gregg and Shapiro, Linda}
}
@article{comaniciu2002mean,
  title={Mean shift: A robust approach toward feature space analysis},
  author={Comaniciu, Dorin and Meer, Peter},
  journal={Pattern Analysis and Machine Intelligence, IEEE Transactions on},
  volume={24},
  number={5},
  pages={603--619},
  year={2002},
  publisher={IEEE}
}
@article{beucher1992morphological,
  title={The morphological approach to segmentation: the watershed transformation},
  author={Beucher, Serge and Meyer, Fernand},
  journal={OPTICAL ENGINEERING-NEW YORK-MARCEL DEKKER INCORPORATED-},
  volume={34},
  pages={433--433},
  year={1992},
  publisher={Marcel Dekker AG}
}
@misc{jellybeans,
  author = {Alex Cope and Mark O'Meara},
  title = {Counting jelly beans: voxel carving and segmentation of a container of heterogenous objects},
  submissiondate = {2014/03},
  urldate = {2016-06-06},
  url = {https://web.stanford.edu/class/cs231a/projects.html},
  note = {CS231A Final Project Report}
}